@misc{redmon2018yolov3,
    title={YOLOv3: An Incremental Improvement},
    author={Joseph Redmon and Ali Farhadi},
    year={2018},
    eprint={1804.02767},
    archivePrefix={arXiv},
    primaryClass={cs.CV}
}

@misc{lin2014microsoftCOCO,
    title={Microsoft COCO: Common Objects in Context},
    author={Tsung-Yi Lin and Michael Maire and Serge Belongie and Lubomir Bourdev and Ross Girshick and James Hays and Pietro Perona and Deva Ramanan and C. Lawrence Zitnick and Piotr Dollár},
    year={2014},
    eprint={1405.0312},
    archivePrefix={arXiv},
    primaryClass={cs.CV}
}

@misc{lin2017focalRetinaNet,
    title={Focal Loss for Dense Object Detection},
    author={Tsung-Yi Lin and Priya Goyal and Ross Girshick and Kaiming He and Piotr Dollár},
    year={2017},
    eprint={1708.02002},
    archivePrefix={arXiv},
    primaryClass={cs.CV}
}

@article{schaefer1990criticalSuccessIndex,
  title={The critical success index as an indicator of warning skill},
  author={Schaefer, Joseph T},
  journal={Weather and forecasting},
  volume={5},
  number={4},
  pages={570--575},
  year={1990}
}